@article{Solenthaler11,
author = {Solenthaler, Barbara and Gross, Markus},
title = {Two-Scale Particle Simulation},
year = {2011},
issue_date = {July 2011},
publisher = {Association for Computing Machinery},
address = {New York, NY, USA},
volume = {30},
number = {4},
issn = {0730-0301},
url = {https://doi.org/10.1145/2010324.1964976},
doi = {10.1145/2010324.1964976},
journal = {ACM Trans. Graph.},
month = {jul},
articleno = {81},
numpages = {8},
keywords = {SPH, two-scale, level of detail, fluid simulation}
}

@article{Orthmann12,
author = {Orthmann, Jens and Kolb, Andreas},
title = {Temporal Blending for Adaptive SPH},
year = {2012},
issue_date = {December 2012},
publisher = {The Eurographs Association &amp; John Wiley &amp; Sons, Ltd.},
address = {Chichester, GBR},
volume = {31},
number = {8},
issn = {0167-7055},
url = {https://doi.org/10.1111/j.1467-8659.2012.03186.x},
doi = {10.1111/j.1467-8659.2012.03186.x},
journal = {Comput. Graph. Forum},
month = {dec},
pages = {2436–2449},
numpages = {14},
keywords = {I.3.7 [Computer Graphics]: Three-Dimensional Graphics and Realism-Animation}
}

@article{Vacondio16,
title = {Variable resolution for SPH in three dimensions: Towards optimal splitting and coalescing for dynamic adaptivity},
journal = {Computer Methods in Applied Mechanics and Engineering},
volume = {300},
pages = {442-460},
year = {2016},
issn = {0045-7825},
doi = {https://doi.org/10.1016/j.cma.2015.11.021},
url = {https://www.sciencedirect.com/science/article/pii/S0045782515003813},
author = {R. Vacondio and B.D. Rogers and P.K. Stansby and P. Mignosa},
keywords = {Smoothed particle hydrodynamics, Meshfree methods, Splitting, Coalescing, Adaptivity, Refinement}
}

@article{Winchenbach17,
author = {Winchenbach, Rene and Hochstetter, Hendrik and Kolb, Andreas},
title = {Infinite Continuous Adaptivity for Incompressible SPH},
year = {2017},
issue_date = {August 2017},
publisher = {Association for Computing Machinery},
address = {New York, NY, USA},
volume = {36},
number = {4},
issn = {0730-0301},
url = {https://doi.org/10.1145/3072959.3073713},
doi = {10.1145/3072959.3073713},
journal = {ACM Trans. Graph.},
month = {jul},
articleno = {102},
numpages = {10},
keywords = {SPH simulation, adaptivity, multi-scale}
}

@article{Adams07,
author = {Adams, Bart and Pauly, Mark and Keiser, Richard and Guibas, Leonidas J.},
title = {Adaptively Sampled Particle Fluids},
year = {2007},
issue_date = {July 2007},
publisher = {Association for Computing Machinery},
address = {New York, NY, USA},
volume = {26},
number = {3},
issn = {0730-0301},
url = {https://doi.org/10.1145/1276377.1276437},
doi = {10.1145/1276377.1276437},
journal = {ACM Trans. Graph.},
month = {jul},
pages = {48–es},
numpages = {8}
}

@article{Horvath13,
author = {Horvath, Christopher and Solenthaler, Barbara},
year = {2013},
journal = {Pixar Technical Memo \#13-04},
month = {01},
pages = {},
title = {Mass Preserving Multi-Scale SPH}
}

@article{Winchenbach21,
author = {Winchenbach, Rene and Kolb, Andreas},
title = {Optimized Refinement for Spatially Adaptive SPH},
year = {2021},
issue_date = {February 2021},
publisher = {Association for Computing Machinery},
address = {New York, NY, USA},
volume = {40},
number = {1},
issn = {0730-0301},
url = {https://doi.org/10.1145/3363555},
doi = {10.1145/3363555},
journal = {ACM Trans. Graph.},
month = {jan},
articleno = {8},
numpages = {15},
keywords = {optimization, spatial adaptivity, SPH}
}

@article{Akinci12,
author = {Akinci, Nadir and Ihmsen, Markus and Akinci, Gizem and Solenthaler, Barbara and Teschner, Matthias},
title = {Versatile Rigid-Fluid Coupling for Incompressible SPH},
year = {2012},
issue_date = {July 2012},
publisher = {Association for Computing Machinery},
address = {New York, NY, USA},
volume = {31},
number = {4},
issn = {0730-0301},
url = {https://doi.org/10.1145/2185520.2185558},
doi = {10.1145/2185520.2185558},
journal = {ACM Trans. Graph.},
month = {jul},
articleno = {62},
numpages = {8},
keywords = {fluid simulation, smoothed particle hydrodynamics, fluid-solid coupling, physically-based animation}
}

@article{Band18b,
title = {MLS pressure boundaries for divergence-free and viscous SPH fluids},
journal = {Computers \& Graphics},
volume = {76},
pages = {37-46},
year = {2018},
issn = {0097-8493},
doi = {https://doi.org/10.1016/j.cag.2018.08.001},
url = {https://www.sciencedirect.com/science/article/pii/S009784931830116X},
author = {Stefan Band and Christoph Gissler and Andreas Peer and Matthias Teschner},
keywords = {Physically-based animation, Fluid simulation, Smoothed Particle Hydrodynamics, Moving Least Squares, Boundary handling}
}

@article{Fujisawa15,
author = {Fujisawa, Makoto and Miura, Kenjiro T.},
title = {An Efficient Boundary Handling with a Modified Density Calculation for SPH},
journal = {Computer Graphics Forum},
volume = {34},
number = {7},
pages = {155-162},
keywords = {Categories and Subject Descriptors (according to ACM CCS), I.3.7 Computer Graphics: Three-Dimensional Graphics and Realism—Animation},
doi = {https://doi.org/10.1111/cgf.12754},
url = {https://onlinelibrary.wiley.com/doi/abs/10.1111/cgf.12754},
eprint = {https://onlinelibrary.wiley.com/doi/pdf/10.1111/cgf.12754},
year = {2015}
}

@inproceedings{Koschier17,
author = {Koschier, Dan and Bender, Jan},
title = {Density Maps for Improved SPH Boundary Handling},
year = {2017},
isbn = {9781450350914},
publisher = {Association for Computing Machinery},
address = {New York, NY, USA},
url = {https://doi.org/10.1145/3099564.3099565},
doi = {10.1145/3099564.3099565},
booktitle = {Proceedings of the ACM SIGGRAPH / Eurographics Symposium on Computer Animation},
articleno = {1},
numpages = {10},
pages = {1-10},
keywords = {implicit representation, smoothed particle hydrodynamics, boundary handling, incompressible fluids},
location = {Los Angeles, California},
series = {SCA '17}
}

@inproceedings{Bender19,
author = {Bender, Jan and Kugelstadt, Tassilo and Weiler, Marcel and Koschier, Dan},
title = {Volume Maps: An Implicit Boundary Representation for SPH},
year = {2019},
isbn = {9781450369947},
publisher = {Association for Computing Machinery},
address = {New York, NY, USA},
url = {https://doi.org/10.1145/3359566.3360077},
doi = {10.1145/3359566.3360077},
booktitle = {Motion, Interaction and Games},
articleno = {26},
numpages = {10},
pages = {1-10},
keywords = {Smoothed Particle Hydrodynamics, boundary handling, fluid simulation},
location = {Newcastle upon Tyne, United Kingdom},
series = {MIG '19}
}

@article{Winchenbach20,
author = {Winchenbach, Rene and Akhunov, Rustam and Kolb, Andreas},
title = {Semi-Analytic Boundary Handling below Particle Resolution for Smoothed Particle Hydrodynamics},
year = {2020},
issue_date = {December 2020},
publisher = {Association for Computing Machinery},
address = {New York, NY, USA},
volume = {39},
number = {6},
issn = {0730-0301},
url = {https://doi.org/10.1145/3414685.3417829},
doi = {10.1145/3414685.3417829},
journal = {ACM Trans. Graph.},
month = {nov},
articleno = {173},
numpages = {17},
keywords = {two-way coupling, physical simulation, spatial adaptivity, boundary handling, semi-analytical methods, SPH}
}

@inproceedings{Koschier19,
  title={Smoothed Particle Hydrodynamics Techniques for the Physics Based Simulation of Fluids and Solids},
  author={Dan Koschier and Jan Bender and Barbara Solenthaler and Matthias Teschner},
  booktitle={Eurographics},
  pages = {1-41},
  year={2019}
}

@inproceedings{Becker07,
author = {Becker, Markus and Teschner, Matthias},
year = {2007},
month = {01},
pages = {209-217},
title = {Weakly Compressible SPH for Free Surface Flows},
booktitle = {Proceedings of the 2007 ACM SIGGRAPH/Eurographics Symposium on Computer Animation},
volume = {9},
journal = {Proceedings of the 2007 ACM SIGGRAPH/Eurographics Symposium on Computer Animation},
doi = {10.1145/1272690.1272719}
}

@article{hu2019taichi,
  title={Taichi: a language for high-performance computation on spatially sparse data structures},
  author={Hu, Yuanming and Li, Tzu-Mao and Anderson, Luke and Ragan-Kelley, Jonathan and Durand, Fr{\'e}do},
  journal={ACM Transactions on Graphics (TOG)},
  volume={38},
  number={6},
  articleno={201},
  year={2019},
  publisher={ACM}
}

@article{Akinci13,
author = {Akinci, Nadir and Akinci, Gizem and Teschner, Matthias},
title = {Versatile Surface Tension and Adhesion for SPH Fluids},
year = {2013},
issue_date = {November 2013},
publisher = {Association for Computing Machinery},
address = {New York, NY, USA},
volume = {32},
number = {6},
issn = {0730-0301},
url = {https://doi.org/10.1145/2508363.2508395},
doi = {10.1145/2508363.2508395},
journal = {ACM Trans. Graph.},
month = {nov},
articleno = {182},
numpages = {8},
keywords = {surface tension, adhesion, fluid simulation, physically-based animation, smoothed particle hydrodynamics}
}

@article{Chang20,
author = {Chang, Yue and Liu, Shusen and He, Xiaowei and Li, Sheng and Wang, Guoping},
title = {Semi-analytical Solid Boundary Conditions for Free Surface Flows},
journal = {Computer Graphics Forum},
volume = {39},
number = {7},
pages = {131-141},
keywords = {CCS Concepts, • Computing methodologies → Physical simulation},
doi = {https://doi.org/10.1111/cgf.14132},
url = {https://onlinelibrary.wiley.com/doi/abs/10.1111/cgf.14132},
eprint = {https://onlinelibrary.wiley.com/doi/pdf/10.1111/cgf.14132},
year = {2020}
}

@article{Ando20,
author = {Ando, Ryoichi and Batty, Christopher},
title = {A Practical Octree Liquid Simulator with Adaptive Surface Resolution},
year = {2020},
issue_date = {August 2020},
publisher = {Association for Computing Machinery},
address = {New York, NY, USA},
volume = {39},
number = {4},
issn = {0730-0301},
url = {https://doi.org/10.1145/3386569.3392460},
doi = {10.1145/3386569.3392460},
journal = {ACM Trans. Graph.},
month = {jul},
articleno = {32},
numpages = {17},
keywords = {octrees, liquid, fluid simulation}
}

@article{Sato18,
author = {Sato, T. and Wojtan, C. and Thuerey, N. and Igarashi, T. and Ando, R.},
title = {Extended Narrow Band FLIP for Liquid Simulations},
journal = {Computer Graphics Forum},
volume = {37},
number = {2},
pages = {169-177},
keywords = {CCS Concepts, •Computing methodologies → Physical simulation},
doi = {https://doi.org/10.1111/cgf.13351},
url = {https://onlinelibrary.wiley.com/doi/abs/10.1111/cgf.13351},
eprint = {https://onlinelibrary.wiley.com/doi/pdf/10.1111/cgf.13351},
year = {2018}
}

@article{Nakanishi20,
author = {Nakanishi, Rafael and Nascimento, Filipe and Campos, Rafael and Pagliosa, Paulo and Paiva, Afonso},
title = {RBF Liquids: An Adaptive PIC Solver Using RBF-FD},
year = {2020},
issue_date = {December 2020},
publisher = {Association for Computing Machinery},
address = {New York, NY, USA},
volume = {39},
number = {6},
issn = {0730-0301},
url = {https://doi.org/10.1145/3414685.3417794},
doi = {10.1145/3414685.3417794},
journal = {ACM Trans. Graph.},
month = {nov},
articleno = {170},
numpages = {13},
keywords = {particle-in-cell (PIC), liquid animation, radial basis function (RBF), adaptive grids}
}

@article{Xiao20,
author = {Xiao, Yuwei and Chan, Szeyu and Wang, Siqi and Zhu, Bo and Yang, Xubo},
title = {An Adaptive Staggered-Tilted Grid for Incompressible Flow Simulation},
year = {2020},
issue_date = {December 2020},
publisher = {Association for Computing Machinery},
address = {New York, NY, USA},
volume = {39},
number = {6},
issn = {0730-0301},
url = {https://doi.org/10.1145/3414685.3417837},
doi = {10.1145/3414685.3417837},
journal = {ACM Trans. Graph.},
month = {nov},
articleno = {171},
numpages = {15},
keywords = {grid structure, fluid simulation, adaptive simulation}
}