
@incollection{
  ref:ref1,
  title={Smoothed particles: A new paradigm for animating highly deformable bodies},
  author={Desbrun, Mathieu and Gascuel, Marie-Paule},
  booktitle={Computer Animation and Simulation’96},
  pages={61--76},
  year={1996},
  publisher={Springer}
}

@inproceedings{ref:ref2,
author = {M\"{u}ller, M. and Keiser, R. and Nealen, A. and Pauly, M. and Gross, M. and Alexa, M.},
title = {Point Based Animation of Elastic, Plastic and Melting Objects},
year = {2004},
isbn = {3905673142},
publisher = {Eurographics Association},
address = {Goslar, DEU},
booktitle = {Proceedings of the 2004 ACM SIGGRAPH/Eurographics Symposium on Computer Animation},
pages = {141–151},
numpages = {11},
location = {Grenoble, France},
series = {SCA '04}
}

@inproceedings{
  ref:ref3,
  title={Screen space fluid rendering for games},
  author={Green, Simon},
  booktitle={Proceedings for the Game Developers Conference},
  year={2010},
  organization={Moscone Center San Francisco, CA}
}

@article{
  ref:ref4,
title = {A new finite element formulation for computational fluid dynamics: X. The compressible Euler and Navier-Stokes equations},
journal = {Computer Methods in Applied Mechanics and Engineering},
volume = {89},
number = {1},
pages = {141-219},
year = {1991},
note = {Second World Congress on Computational Mechanics},
issn = {0045-7825},
author = {Farzin Shakib and Thomas J.R. Hughes and Zdeněk Johan},
}

@article{
  ref:ref5,
  title={Robust turbulence simulation for particle-based fluids using the Rankine vortex model},
  author={Wang, Xiaokun and Liu, Sinuo and Ban, Xiaojuan and Xu, Yanrui and Zhou, Jing and Kosinka, Ji{\v{r}}{\'\i}},
  journal={The Visual Computer},
  volume={36},
  number={10},
  pages={2285--2298},
  year={2020},
  publisher={Springer}
}

@article{yang2020completely,
  title={A completely parallel surface reconstruction method for particle-based fluids},
  author={Yang, Wencong and Gao, Chengying},
  journal={The Visual Computer},
  volume={36},
  number={10},
  pages={2313--2325},
  year={2020},
  publisher={Springer}
}

@article{carensac2022optimizations,
  title={Optimizations for predictive--corrective particle-based fluid simulation on GPU},
  author={Carensac, Samuel and Pronost, Nicolas and Bouakaz, Sa{\"\i}da},
  journal={The Visual Computer},
  pages={1--13},
  year={2022},
  publisher={Springer}
}

@incollection{PCISPH2009,
  title={Predictive-corrective incompressible SPH},
  author={Solenthaler, Barbara and Pajarola, Renato},
  booktitle={ACM SIGGRAPH 2009 papers},
  pages={1--6},
  year={2009}
}

@article{IISPH2013,
  author={Ihmsen, Markus and Cornelis, Jens and Solenthaler, Barbara and Horvath, Christopher and Teschner, Matthias},
  journal={IEEE Transactions on Visualization and Computer Graphics}, 
  title={Implicit Incompressible SPH}, 
  year={2014},
  volume={20},
  number={3},
  pages={426-435},
}



@inproceedings{DFSPH2015,
author = {Bender, Jan and Koschier, Dan},
title = {Divergence-Free Smoothed Particle Hydrodynamics},
year = {2015},
isbn = {9781450334969},
publisher = {Association for Computing Machinery},
address = {New York, NY, USA},
booktitle = {Proceedings of the 14th ACM SIGGRAPH / Eurographics Symposium on Computer Animation},
pages = {147–155},
numpages = {9},
keywords = {incompressibility, smoothed particle hydrodynamics, implicit integration, fluid simulation, divergence-free fluids},
location = {Los Angeles, California},
series = {SCA '15}
}

@article{ref:ref6,
  title={Effective Reconstructing Surfaces Algorithm of Anisotropic Kernels Orienting SPH Fluids},
  author={Wang, Xiaokun and Ban, Xiaojuan and Liu, Xu and Zhang, Yalan and Wang, Lipeng},
  journal={Journal of computer-Aided Design \& Computer Graphics},
  volume={28},
  number={9},
  pages={1497--1505},
  year={2016}
}

@inproceedings{ref:ref7,
author = {Becker, Markus and Teschner, Matthias},
title = {Weakly Compressible SPH for Free Surface Flows},
year = {2007},
isbn = {9781595936240},
publisher = {Eurographics Association},
address = {Goslar, DEU},
booktitle = {Proceedings of the 2007 ACM SIGGRAPH/Eurographics Symposium on Computer Animation},
pages = {209–217},
numpages = {9},
keywords = {smoothed particle hydrodynamics, volume preservation, physically-based simulation, Tait equation, fluid dynamics, surface tension},
location = {San Diego, California},
series = {SCA '07}
}

@incollection{ref:ref8,
  title={Smoothed particles: A new paradigm for animating highly deformable bodies},
  author={Desbrun, Mathieu and Gascuel, Marie-Paule},
  booktitle={Computer Animation and Simulation’96},
  pages={61--76},
  year={1996},
  publisher={Springer}
}

@article{ref:ref9,
  title={Advances in multi-GPU smoothed particle hydrodynamics simulations},
  author={Rustico, Eugenio and Bilotta, Giuseppe and Herault, Alexis and Del Negro, Ciro and Gallo, Giovanni},
  journal={IEEE Transactions on Parallel and Distributed Systems},
  volume={25},
  number={1},
  pages={43--52},
  year={2012},
  publisher={IEEE}
}

@article{ref:ref10,
  title={Efficient extracting surfaces approach employing anisotropic kernels for SPH fluids},
  author={Wang, XiaoKun and Ban, XiaoJuan and Liu, Xu and Zhang, YaLan and Wang, LiPeng},
  journal={Journal of Visualization},
  volume={19},
  number={2},
  pages={301--317},
  year={2016},
  publisher={Springer}
}

@inproceedings{ref:amada2004particle,
  title={Particle-based fluid simulation on GPU},
  author={Amada, Takashi and Imura, Masataka and Yasumuro, Yoshihiro and Manabe, Yoshitsugu and Chihara, Kunihiro},
  booktitle={ACM workshop on general-purpose computing on graphics processors},
  volume={41},
  pages={42},
  year={2004},
  organization={Citeseer}
}

@article{ref:ref11,
  title={Real-time fluid simulation with adaptive SPH},
  author={Yan, He and Wang, Zhangye and He, Jian and Chen, Xi and Wang, Changbo and Peng, Qunsheng},
  journal={Computer Animation and Virtual Worlds},
  volume={20},
  number={2-3},
  pages={417--426},
  year={2009},
  publisher={Wiley Online Library}
}

@article{ref:ref12,
author = {Lorensen, William E. and Cline, Harvey E.},
title = {Marching Cubes: A High Resolution 3D Surface Construction Algorithm},
year = {1987},
issue_date = {July 1987},
publisher = {Association for Computing Machinery},
address = {New York, NY, USA},
volume = {21},
number = {4},
issn = {0097-8930},
journal = {SIGGRAPH Comput. Graph.},
month = {aug},
pages = {163–169},
numpages = {7}
}

@inproceedings{ref:ref13,
  title={Real-time particle isosurface extraction},
  author={Rosenberg, Ilya D and Birdwell, Ken},
  booktitle={Proceedings of the 2008 symposium on Interactive 3D graphics and games},
  pages={35--43},
  year={2008}
}

@inproceedings{oliveira2022narrow,
  title={Narrow-Band Screen-Space Fluid Rendering},
  author={Oliveira, Felipe and Paiva, Afonso},
  booktitle={Computer Graphics Forum},
  year={2022},
  organization={Wiley Online Library}
}

@article{liu2022real,
  title={Real-Time Lighting Estimation for Augmented Reality via Differentiable Screen-Space Rendering},
  author={Liu, Celong and Wang, Lingyu and Li, Zhong and Quan, Shuxue and Xu, Yi},
  journal={IEEE Transactions on Visualization \& Computer Graphics},
  number={01},
  pages={1--1},
  year={2022},
  publisher={IEEE Computer Society}
}

@article{truong2018narrow,
  title={A narrow-range filter for screen-space fluid rendering},
  author={Truong, Nghia and Yuksel, Cem},
  journal={Proceedings of the ACM on Computer Graphics and Interactive Techniques},
  volume={1},
  number={1},
  pages={1--15},
  year={2018},
  publisher={ACM New York, NY, USA}
}

@article{neto2017real,
  title={Real-Time Screen Space Cartoon Water Rendering with the Iterative Separated Bilateral Filter},
  author={Neto, Liordino dos S Rocha and Apolin{\'a}rio Jr, Antonio L},
  journal={SBC Journal on Interactive Systems},
  volume={8},
  number={1},
  pages={20--32},
  year={2017}
}

@article{ref:ref14,
  title={Recursive implementation of the Gaussian filter},
  author={Young, Ian T and Van Vliet, Lucas J},
  journal={Signal processing},
  volume={44},
  number={2},
  pages={139--151},
  year={1995},
  publisher={Elsevier}
}

@inproceedings{ref:ref15,
  title={Screen space fluid rendering for games},
  author={Green, Simon},
  booktitle={Proceedings for the Game Developers Conference},
  year={2010},
  organization={Moscone Center San Francisco, CA}
}
@article{ref:ref16,
  title={Interactive screen-space surface rendering of dynamic particle clouds},
  author={Cords, Hilko and Staadt, Oliver G},
  journal={Journal of Graphics, GPU, and Game Tools},
  volume={14},
  number={3},
  pages={1--19},
  year={2009},
  publisher={Taylor \& Francis}
}

@inproceedings{ref:ref17,
  title={Screen space fluid rendering with curvature flow},
  author={van der Laan, Wladimir J and Green, Simon and Sainz, Miguel},
  booktitle={Proceedings of the 2009 symposium on Interactive 3D graphics and games},
  pages={91--98},
  year={2009}
}
@book{ref:ref18,
  title={Transformations and projections in computer graphics},
  author={Salomon, David},
  volume={233},
  year={2006},
  publisher={Springer}
}
@inproceedings{ref:ref19,
  title={Camera control in computer graphics},
  author={Christie, Marc and Olivier, Patrick and Normand, Jean-Marie},
  booktitle={Computer Graphics Forum},
  volume={27},
  number={8},
  pages={2197--2218},
  year={2008},
  organization={Wiley Online Library}
}

@inproceedings{ref:ref20,
  title={Real-time connectivity constrained depth map computation using programmable graphics hardware},
  author={Cornells, N and Van Gool, Luc},
  booktitle={2005 IEEE Computer Society Conference on Computer Vision and Pattern Recognition (CVPR'05)},
  volume={1},
  pages={1099--1104},
  year={2005},
  organization={IEEE}
}

@book{ref:ref21,
  title={OpenGL programming guide: the official guide to learning OpenGL, versions 3.0 and 3.1},
  author={Shreiner, Dave and Bill The Khronos OpenGL ARB Working Group and others},
  year={2009},
  publisher={Pearson Education}
}

@inproceedings{ref:ref22,
  title={High-quality surface splatting on today's GPUs},
  author={Botsch, Mario and Hornung, Alexander and Zwicker, Matthias and Kobbelt, Leif},
  booktitle={Proceedings Eurographics/IEEE VGTC Symposium Point-Based Graphics, 2005.},
  pages={17--141},
  year={2005},
  organization={IEEE}
}

@article{ref:ref23,
  title={Particle splatting: Interactive rendering of particle-based simulation data},
  author={Adams, Bart and Dutr{\'e}, Philip and Lenaert, Toon},
  year={2006},
  publisher={Citeseer}
}
@article{ref:ref24,
  title={Image and depth from a conventional camera with a coded aperture},
  author={Levin, Anat and Fergus, Rob and Durand, Fr{\'e}do and Freeman, William T},
  journal={ACM transactions on graphics (TOG)},
  volume={26},
  number={3},
  pages={70--es},
  year={2007},
  publisher={ACM New York, NY, USA}
}
@article{ref:ref25,
  title={The thickness of a liquid layer on the free surface of ice as obtained from computer simulation},
  author={Conde, MM and Vega, C and Patrykiejew, A},
  journal={The Journal of chemical physics},
  volume={129},
  number={1},
  pages={014702},
  year={2008},
  publisher={American Institute of Physics}
}
@article{ref:ref26,
  title={An approximate image-space approach for interactive refraction},
  author={Wyman, Chris},
  journal={ACM transactions on graphics (TOG)},
  volume={24},
  number={3},
  pages={1050--1053},
  year={2005},
  publisher={ACM New York, NY, USA}
}
@inproceedings{ref:ref27,
  title={Models of light reflection for computer synthesized pictures},
  author={Blinn, James F},
  booktitle={Proceedings of the 4th annual conference on Computer graphics and interactive techniques},
  pages={192--198},
  year={1977}
}
@article{ref:ref28,
author = {Swinehart, D. F.},
title = {The Beer-Lambert Law},
journal = {Journal of Chemical Education},
volume = {39},
number = {7},
pages = {333},
year = {1962},
publisher={ACS Publications}
}

@inproceedings{ref:ref29,
  title={Interactive volume on standard pc graphics hardware using multi-textures and multi-stage rasterization},
  author={Rezk-Salama, Christof and Engel, Klaus and Bauer, Michael and Greiner, G{\"u}nther and Ertl, Thomas},
  booktitle={Proceedings of the ACM SIGGRAPH/EUROGRAPHICS workshop on Graphics hardware},
  pages={109--118},
  year={2000}
}
@inproceedings{ref:ref30,
  title={Visualization of labeled data using linear transformations},
  author={Koren, Yehuda and Carmel, Liran},
  booktitle={IEEE Symposium on Information Visualization 2003 (IEEE Cat. No. 03TH8714)},
  pages={121--128},
  year={2003},
  organization={IEEE}
}


@inproceedings{ref:green2010screen,
  title={Screen space fluid rendering for games},
  author={Green, Simon},
  booktitle={Proceedings for the Game Developers Conference},
  year={2010},
  organization={Moscone Center San Francisco, CA}
}

@article{yu2013reconstructing,
author = {Yu, Jihun and Turk, Greg},
title = {Reconstructing Surfaces of Particle-Based Fluids Using Anisotropic Kernels},
year = {2013},
issue_date = {January 2013},
publisher = {Association for Computing Machinery},
address = {New York, NY, USA},
volume = {32},
number = {1},
issn = {0730-0301},
journal = {ACM Trans. Graph.},
month = {feb},
articleno = {5},
numpages = {12},
keywords = {fluid simulation, physically based animation, surface reconstruction, Computer graphics, anisotropic basis functions}
}

@inproceedings {Ihmsen14,
booktitle = {Eurographics 2014 - State of the Art Reports},
editor = {Sylvain Lefebvre and Michela Spagnuolo},
title = {{SPH Fluids in Computer Graphics}},
author = {Ihmsen, Markus and Orthmann, Jens and Solenthaler, Barbara and Kolb, Andreas and Teschner, Matthias},
year = {2014},
publisher = {The Eurographics Association},
ISSN = {1017-4656},
}
